
<record>
  <controlfield tag="001">398744</controlfield>
  <datafield tag="035" ind1=" " ind2=" ">
    <subfield code="a">Abachi:1995ff</subfield>
    <subfield code="9">SPIRESTeX</subfield>
  </datafield>
  <datafield tag="035" ind1=" " ind2=" ">
    <subfield code="a">100235</subfield>
    <subfield code="9">OSTI</subfield>
  </datafield>
  <datafield tag="037" ind1=" " ind2=" ">
    <subfield code="a">FERMILAB-CONF-95-214-E</subfield>
  </datafield>
  <datafield tag="245" ind1=" " ind2=" ">
    <subfield code="a">Studies of topological distributions of the three and four jet events in $\bar{p} p$ collisions at $\sqrt{s}$ = 1800-GeV with the D0 detector</subfield>
  </datafield>
  <datafield tag="710" ind1=" " ind2=" ">
    <subfield code="g">D0</subfield>
  </datafield>
</record>